@article{penfold2012,
  title={{Nonparametric Bayesian inference for perturbed and orthologous gene regulatory networks}},
  author={Penfold, Christopher A and Buchanan-Wollaston, Vicky and Denby, Katherine J and Wild, David L},
  journal={Bioinformatics},
  volume={28},
  number={12},
  pages={i233--i241},
  year={2012},
  publisher={Oxford Univ Press}
}

@book{rasmussen2006,
  Author = {Carl Edward Rasmussen and Christopher K. I. Williams},
  Title = {Gaussian Processes for Machine Learning},
  Publisher = {The MIT Press},
  Year = {2005},
  ISBN = {0-262-18253-X},
}